<?xml version="1.0" encoding="UTF-8"?><collection xmlns="http://www.loc.gov/MARC21/slim"><record><leader>00397nam--2200133-i-4500</leader><controlfield tag="001">000024082</controlfield><controlfield tag="002">20161230</controlfield><controlfield tag="005">20161230201035</controlfield><controlfield tag="008">060222s1000------------r-----000-0-eng-d</controlfield><datafield ind1=" " ind2=" " tag="100"><subfield code="a">Giorgetti, F</subfield></datafield><datafield ind1=" " ind2=" " tag="245"><subfield code="a">Iaccarino, e</subfield></datafield><datafield ind1=" " ind2=" " tag="260"><subfield code="a">Italian Earthquake Catalogue From The Beginning Of The Christian Age Up Tc 1968</subfield></datafield><datafield ind1=" " ind2=" " tag="490"><subfield code="a">Trieste, Osservatorio Geofisico Sperimentale, 1971</subfield></datafield><datafield ind1=" " ind2=" " tag="852"><subfield code="a">550.34(45)</subfield></datafield></record></collection>